@online{chromiumKioskMode,
  author  = {Sylvain Durand},
  title   = {Launch Chromium in kiosk mode},
  year    = 2018,
  url     = {https://sylvaindurand.org/launch-chromium-in-kiosk-mode/},
  urldate = {2021-03-11}
}
@online{pixelCNN,
  author = {Aaron van den Oord, Nal Kalchbrenner, Oriol Vinyals, Lasse Espeholt, Alex Graves, Koray Kavukcuoglu},
  title = {Conditional Image Generation with PixelCNN Decoders},
  version = {v2},
  organization = {Cornell University},
  date = {18},
  month = {June},
  year = {2016},
  url = {https://arxiv.org/abs/1606.05328}
}
@online{pixelRNN,
  author = {Aaron van den Oord, Nal Kalchbrenner, Koray Kavukcuoglu},
  title = {Pixel Recurrent Neural Networks}
  version = {v3},
  organization = {Cornell University},
  date = {19},
  month = {August},
  year = {2016},
  url = {https://arxiv.org/abs/1601.06759v3}
}
